Record 1
LDR  01115nas  2200289Ia 45  
005  19960806000000.0
008  831006s1983    kyu      b    00100 eng  
010       $a 83021026
020       $a 0914604252 (pbk.)
035       $a 10045908
040       $a DLC $c DLC $d m/c $d CU-Riv
049       $a CRUF,CRUQ
090       $a QA76 $b .A25 1983
245  00   $a ABI/SELECTS : $b the annotated bibliography of computer periodicals.
250       $a 1st ed.
260  0    $a Louisville, Ky. : $b Data Courier Inc., $c 1983.
300       $a vii, 576 p. ; $c 23 cm.
500       $a UCR: INPUT 902 FORMAT MM-DD-YY, WHERE YY DOES NOT BEGIN WITH ZERO; CREATE 005 BY ADDING "19" TO BEGINNING OF YEAR, THEN OUTPUTTING IN STANDARD MARC FORMAT (05/02)
650   0   $a Computers $x Periodicals $x Bibliography.
650   0   $a Electronic data processing $x Periodicals $x Bibliography.
650   0   $a Microcomputers $x Periodicals $x Bibliography.
650   0   $a Office practice $x Automation $x Periodicals $x Bibliography.
710  20   $a Data Courier, inc.
740  01   $a A.B.I./S.E.L.E.C.T.S.
852       $a RVB $b ed $h QA76 $i .A25 1983
852       $a RVB $b ed7 $h QA76 $i .A25 1983
901       $a RVB $b 10023392

Record 2
