LDR  02169cas  2200481Ia 45  
005  19970825000000.0
008  740301c19719999ksufr1p       0   a0eng d
010       $a sn 79009765
022  0    $a 0026-3079
035       $a (SFX)954925376870
035       $a 818197
040       $a OUN $c OUN $d SUL $d YUS $d NSD $d IUL $d m.c. $d AIP $d NST $d NSD $d AIP $d NST $d NSD $d DLC $d m/c $d HUL $d MUL $d NST $d CRU
042       $a nsdp $a lcd
043       $a n-us---
049       $a CRUS
090       $a E169.1 $b .A443
098       $n ov=.b2506373
130  0    $a American studies (Lawrence, Kan.)
210  0    $a Am. stud. $b (Lawrence)
222  10   $a American studies $b (Lawrence)
245  00   $a American studies.
260       $a Lawrence, Kan. : $b University of Kansas,
265       $a Business Manager, American Studies, University of Kansas, Lawrence, KS 66045.
300       $a v. ; $c 25 cm.
310       $a Semiannual.
350       $a $8.00 (institutional) $a $5.00 (regular) $a $2.50 (students & emeritus) $a $7.00 (direct institutional)
362  0    $a Vol. 12 (Spring 1971)-
500       $a UCR: REC HAS 001 AND 035. OUTPUT 035 AS IS; MOVE INPUT 001 TO NEW OUTPUT 035 a WITHOUT CHANGES; DROP 001 (03/06).
510  2    $a Abstracts of English studies $x 0001-3560.
510  2    $a America, history and life $x 0002-7065 $b 1971-
510  2    $a Historical abstracts. Part B. Twentieth century abstracts $x 0363-2725 $b 1971-
510  0    $a Public affairs information service.
510  2    $a Historical abstracts. Part A. Modern history abstracts $x 0363-2717 $b 1971-
510  0    $a Public affairs information service.
510  1    $a Humanities index $x 0095-5981.
550       $a Issued by the Midcontinent American Studies Association.
555       $a Vol. 12 (1971) in v. 12 (includes index to Midcontinent American studies journal v. 10-11); Vols. 13 (1972)-15 (1974) in v. 15.
651   0   $a United States $x Civilization $x Periodicals.
710  21   $a University of Kansas.
710  20   $a Midcontinent American Studies Association.
780  00   $t Midcontinent American studies journal $x 0544-0335 $w (OCoLC)818179.
852       $a RVB $b rcps $j E169.1 A443 $3 7(1977)-8(1978), 12(1979)-28:1(1987), 29:2(1988), 30(1989)-32(1991), 34(1993)- $O a
901       $a RVB $b 21607205

Record 3
