LDR  00887cam  22002419| 45  
005  19970702000000.0
008  881019s1915    nyu           00000beng u
035       $a utl177412320
043       $a e-uk-en
045       $a t3u0
050  1    $a DA357 (050$A) $b .A15 (050$B)
090  1    $a DA357 (090$A) $b .A15 (090$B)
100  10   $a Abbott, Jacob, $d 1803-1879.
245  10   $a Queen Elizabeth / $c by Jacob Abbott.
260  0    $a New York : $b Leslie-Judge, $c 1915.
300       $a 223 p. : $b ill.
490  0    $a Famous characters of history.
500       $a UCR MONO: REC HAS NO 920, 901 $B IS NOT 'MULTI'; USE 901 $B AS LOC CODE (02/02).
500       $a REC HAS 090 $A $B, 050 $A $B - OUTPUT 090 $A $B AS 852 $H $I.
600  10   $a Elizabeth I, Queen of England, $d 1533-1603.
651   0   $a Great Britain $x History $y Elizabeth, 1558-1603.
852       $a RVB $b zsrlf $h DA357 (090$A) $i .A15 (090$B) $p A 0010747970
901       $a RVB $b 10015772

Record 5
