LDR  01340cam  2200337   45  
005  19960805000000.0
008  700401s1970    enk      d    00010 eng  
010       $a 73088348 //r71
020       $a 0080122272
035       $a 63795
040       $a DLC $c DLC $d GXM $d IAV $d CU-Riv
041  0    $a engrus
049       $a [Bio-Ag Ref]CRUG,CRUQ
050       $a Q123 (050 $A) $b .A4 1970 (050 $B)
100  10   $a Alford, M. H. T.
245  10   $a Russian-English scientific and technical dictionary $c [by] M. H. T. and V. L. Alford.
250       $a [1st ed.]
260  0    $a Oxford, $a New York, $b Pergamon Press $c [1970]
300       $a 2 v. (1423 p.) $c 21 cm.
500       $a UCR MONO: RECORD LACKS 920, 901 $B = MULTI; 998 HAS MULTIPLE $A'S - OUTPUT THE 4 UNIQUE LOC CODES (02/02).
500       $a REC HAS NO 099, NO 090, HAS 050 $A $B - OUTPUT 050 $A $B IN 852 $H $I FOR ALL UNIQUE LOCS.
650   0   $a Science $x Dictionaries $x Russian.
650   0   $a Russian language $x Dictionaries $x English.
650   0   $a Technology $x Dictionaries $x Russian.
650   0   $a Encyclopedias and dictionaries, Russian.
700  10   $a Alford, V. L.
852       $a RVB $b r $h Q123 (050 $A) $i .A4 1970 (050 $B)
852       $a RVB $b r7cp $h Q123 (050 $A) $i .A4 1970 (050 $B)
852       $a RVB $b rca7 $h Q123 (050 $A) $i .A4 1970 (050 $B)
852       $a RVB $b rcaci $h Q123 (050 $A) $i .A4 1970 (050 $B)
901       $a RVB $b 10164303

Record 6
