LDR  00933nam  2200229I  45  
005  19970627000000.0
008  760714s1966    fr            00000 fre  
010       $a 67083661
035       $a 2310687
040       $a DLC $c na $d CU-Riv
050  2    $a QC185 (050 $A) $b .A28 1966 (050 $B)
100  10   $a Adda, Y. $q (Yves)
245  13   $a La Diffusion dans les solides, $c par Y. Adda et J. Philibert ...
260  0    $a Saclay, $b Institut national des sciences et techniques nuclâeaires; $a Paris, $b Presses universitaires de France, $c 1966.
300       $a 2 v. (iv, 1268, xvii p.) $b illus. $c 25 cm.
490  0    $a Bibliotháeque des sciences et techniques nuclâeaires.
500       $a UCR MONO: REC HAS NO 920, BUT HAS 901 $B LOC, HAS 050; MOVE 050 $A $B TO 852 $H $I (02/02).
650   0   $a Diffusion.
650   0   $a Solids.
700  10   $a Philibert, J. $q (Jean), $e joint author.
852       $a RVB $b zsrlf $h QC185 (050 $A) $i .A28 1966 (050 $B) $p A 0007373863
901       $a RVB $b 10063651

Record 7
