LDR  01307cam  22002899  45  
005  19970627000000.0
008  700302s1965    enk      b    00010 arax 
010       $a 70001390 //r83
035       $a car70001390 
040       $a DLC $c DLC
041  1    $a araeng
090  1    $a PJ7741.A23 $b E38
100  00   $a °Abd al-Latåif, $d 1160?-1231.
240  10   $a Ifåadah wa-al-i°tibåar. $l English and Arabic.
245  14   $a The Eastern key: $b Kitåab al-ifåadah wa°l-i°tibåar $c of °Abd al-Latåif al-Baghdåadi. Translated in English by Kamal Hafuth Zand, and John A. and Ivy E. Videan.
260  0    $a London, $b Allen and Unwin $c [1965]
300       $a 293 p. $c 26 cm.
500       $a UCR: MOVE ALL 590'S TO MULTIPLE 852 $Z'S FOR ALL OUTPUT LOCS (02/02).
651   0   $a Egypt $x Description and travel.
700  11   $a Zand, Kamal Hafuth, $e tr.
700  11   $a Videan, John A. $e tr.
700  11   $a Videan, Ivy E. $e tr.
740   1   $a Kitåab al-ifåadah wa°l-i°tibåar.
852       $a RVB $b zsrlf $h PJ7741.A23 $i E38 $p A 0006606149 $z FIRST 590. $z SHARED PURCHASE WITH UCSB EAST ASIAN LIBRARY $z 3RD 590. $z 4TH 590
852       $a RVB $b edr $h PJ7741.A23 $i E38 $z FIRST 590. $z SHARED PURCHASE WITH UCSB EAST ASIAN LIBRARY $z 3RD 590. $z 4TH 590
852       $a RVB $b edv $h PJ7741.A23 $i E38 $z FIRST 590. $z SHARED PURCHASE WITH UCSB EAST ASIAN LIBRARY $z 3RD 590. $z 4TH 590
901       $a RVB $b 10017343

Record 8
