LDR  00739nam  22002179  45  
005  19970702000000.0
008  821223s1967    miu           00000 eng  
010       $a 67014742
035       $a car67014742 
040       $a DLC $c CarP
090  2    $a PK6905 $b .A2
100  10   $a Abdulla, Jamal Jalal.
245  10   $a Kurdish readers,
260  0    $a Ann Arbor, $b University of Michigan Press $c [1967]
300       $a 3 v. $c 28 cm.
500       $a UCR MONO: REC HAS 2 LOCS IN 998 $A'S AND 4 963'S; OUTPUT 1ST 963 IN $P OF 1ST 852 ONLY (02/02).
650   0   $a Kurdish language $x Readers.
700  10   $a McCarus, Ernest N. $q (Ernest Nasseph), $d 1922- $e joint author.
852       $a RVB $b zsrlf $h PK6905 $i .A2 $p D 0003097599 (1)
852       $a RVB $b rref $h PK6905 $i .A2
901       $a RVB $b 10018177

Record 9
