LDR  01300cms  2200289Ia 45  
005  19970825000000.0
008  870317c19869999mauqr      da       n/a d
035       $a 15334999
040       $a CPO $c TXA $d CPO $d OCoLC $d CPO $d CU-Riv
049       $a CRUU
090       $a BF1 $b .P89
245  00   $a PsycLIT $h [machine-readable data file]
260       $a Wellesley Hills, MA : $b SilverPlatter Information Services, $c 1986?-
300       $a computer laser optical disks ; $c 4 3/4 in. + $e computer floppy disks + template.
315       $a Quarterly, with disk being cumulative.
362  0    $a 1983-Sept. 1988-
500       $a UCR MRDF: TYPE='m', BIBLEVEL='s'; PROCESS AS SERIAL (02/02).
520       $a "Summaries of the world's serial literature in psychology and related disciplines, compiled from the PsyINFO online database and Psychological abstracts."
538       $a System requirements: IBM PC, XT or AT or compatible; 512K; PC or MS DOS 2.1 or higher; 1 floppy disk drive or hard disk drive and compact disc drive; printer.
650   0   $a Psychology $x Abstracts.
650   0   $a Psychology $x Periodicals.
710  20   $a SilverPlatter Information, Inc.
730  02   $a Psychological abstracts.
740  01   $a Psyc Lit.
753       $a IBM PC $c DOS 2.1 or higher.
852       $a RVB $b rref $h BF1 $i .P89 $3 Keep latest only. $O a
901       $a RVB $b 17760768

Record 10
