LDR  01386nmb  2200301Ia 45  
005  19970821000000.0
008  950113c19949999maubr      u        eng d
035       $a 31811967
040       $a EYD $c EYD $d CU-Riv
098       $n ov=.b593155
099       $a 64
245  00   $a Ei tech index $h [computer file].
260       $a [Norwood, MA] : $b Engineering Information, Inc. : $b SilverPlatter Information, $c c1987-
300       $a computer laser optical disks ; $c 4 3/4 in.
315       $a Bimonthly.
362  0    $a 1987-Nov. 1994-
500       $a UCR MRDF: TYPE='m', BIBLEVEL='b'; PROCESS AS SERIAL (02/02).
538       $a Systems requirements: DOS-compatible computer, 640K RAM (500K RAM available), hard disk with 650K available with additional 2.5MB for temporary storage, MS-DOS or PC-DOS 3.1 or higher with CD-ROM extensions, CD-ROM drive, floppy disk drive, monitor and printer.
538       $a Disk characteristics: CD-ROM.
650   0   $a Engineering $x Abstracts $x Databases.
650   0   $a Technology $x Abstracts $x Databases.
650   0   $a Engineering $x Indexes $x Databases.
650   0   $a Technology $x Indexes $x Databases.
710  20   $a Engineering Information, Inc.
710  20   $a SilverPlatter Information, Inc.
780  00   $t Concise engineering and technology index $w (OCoLC)30824419.
852       $a RVB $b rre7 $j 64 $3 COMPACT DISC:  1987-SEP(1995)  DEC(1995)-NOV(1996) $D Subscription cancelled $O l
901       $a RVB $b 12906591

Record 11
