LDR  01023nms  2200265Ia 45  
005  19970825000000.0
008  911022c19919999vauuu      u f      eng d
035       $a 24602853
040       $a GIS $c GIS $d CU-Riv
043       $a n-us---
050       $a QE75 (050 $A) $b .U554 (050 $B)
098       $n ov=.b512828
245  00   $a U.S. Geological Survey digital data series $h [computer file].
246  10   $a Digital data series.
246  10   $a USGS DDS.
260       $a Reston, Va. : $b The Survey, $c 1991-
300       $a computer laser optical disks ; $c 4 3/4 in.
362  0    $a DDS-1-
500       $a UCR PE: RECORD HAS NO 850, 901 $B IS NOT 'MULTI'; USE 901 $B AS LOC CODE (02/02).
500       $a REC HAS NO 099, NO 090, HAS 050 $A $B - OUTPUT TO 852 $H $I.
538       $a System requirements: IBM or compatible PC with DOS; CD-ROM driver software; CD-ROM reader.
650   0   $a Earth sciences $z United States $x CD-ROM.
710  20   $a Geological Survey (U.S.)
852       $a RVB $b rref $h QE75 (050 $A) $i .U554 (050 $B) $D Currently received $O 1
901       $a RVB $b 20516034

Record 12
