LDR  01375cas  22003377a 45  
005  19970825000000.0
008  950428d18961917nyuuu m r     0uuua0eng  
010       $a sn85-017787
035       $a (OCoLC)5356331
035       $a autsn 85017787
040       $a DLC $c InU $d m.c. $d N $d m/c $d NST
042       $a msc
049       $a CRUG
050       $a E185.5 (050 $A) $b .A882 (050 $B)
090       $a E185.5 (090 $A) $b .A882 (090 $B)
245  00   $a Atlanta University publications.
246  00   $a Publications.
260       $a New York : $b Octagon Books, $c 1968-
300       $a v. ; $c 24 cm.
362  0    $a No. 1 (1896)-1917.
500       $a UCR PE: REC HAS NO 850, 901 $B IS MULTI; 998 HAS 5 $A'S, 3 UNIQUE. OUTPUT 3 852'S, USING THE UNIQUE LOC CODES (02/02).
500       $a REC HAS NO 099, HAS 090 $A $B, HAS 050 $A $B - OUTPUT 090 $A $B IN 852 $H $I FOR ALL LOCS.
580       $a Reprinted from the original: Atlanta University publications published in Atlanta by Atlanta University Press.
650   0   $a Afro-Americans $x Periodicals.
700  11   $a Du Bois, W. E. B. $q (William Edward Burghardt), $d 1868-1963.
710  20   $a Atlanta University.
775  1    $t Atlanta University publications.
852       $a RVB $b rstk $h E185.5 (090 $A) $i .A882 (090 $B) $D No longer published $O q
852       $a RVB $b edr $h E185.5 (090 $A) $i .A882 (090 $B)
852       $a RVB $b ed7 $h E185.5 (090 $A) $i .A882 (090 $B)
901       $a RVB $b 21529620

Record 13
