LDR  01577cas  22003851  45  
005  19970729000000.0
008  740225c19499999vauqr p       0  ua0eng  
010       $a 55042047 //r81
019       $a 1460802
022       $a 0001-074X
035       $a 812841
040       $a DLC $c OUN $d SUL $d COO $d YUS $d NYG $d MUL $d m.c. $d PIT $d DLC $d NST $d AIP $d NSD $d AIP $d OCL $d AIP $d NYG $d CRU
042       $a lc
050       $a 050 $A $b $B
090       $a 090 $A $b $B
098       $n ov=.b250411
210  0    $a ACLS newsl.
212  0    $a American Council of Learned Societies newsletter.
222  04   $a The ACLS newsletter.
245  04   $a The ACLS newsletter.
260  00   $a [Richmond, etc., $b American Council of Learned Societies]
310       $a Quarterly, $b 1952-
321       $a Irregular, $b 1949-51.
362  0    $a v. 1-37 May 1949-Winter/Spring 1987; 2nd ser. v. 1, no. 1-   Summer 1987-
500       $a UCR PE: REC HAS 2 850S,  NEITHER HAS $C; REC HAS 090, 050; MOVE 090 $A $B TO 852 $H $I FOR BOTH LOCATIONS (02/02).
510  2    $a Annual bibliography of English language and literature $x 0066-3786.
510  2    $a Public Affairs Information Service bulletin $x 0033-3409.
530       $a Available on microfilm.
650   0   $a Learned institutions and societies $z United States $x Periodicals.
650   0   $a Learned institutions and societies $x Periodicals.
710  20   $a American Council of Learned Societies.
710  21   $a American Council of Learned Societies. $t Newsletter.
852       $a RVB $b rcp $h 090 $A $i $B $3 Keep latest 2 years only. $O a
852       $a RVB $b rref $h 090 $A $i $B $3 Keep latest 2 years only.
901       $a RVB $b 21607102

Record 14
