LDR  02127cas  2200397I  45  
005  19970812000000.0
008  740226c19689999gw mr p       0  1a0ger d
022       $a 0009-5893
035       $a 813697
040       $a OUN $c OUN $d MUL $d UCU $d COO $d OCL $d COO $d CRU
041  0    $a engfreger
090       $a QD79.C4 $b C47
098       $n ov=.b252737
099       $a Y (099$A-1) $a R5C47 (099$A-2) $a 1989-1992 (099$A-3)
245  00   $a Chromatographia.
260  00   $a Braunschweig, Germany, [etc.] $b Friedrich Vieweg & Sohn; $a New York, $b Pergamon Press.
300       $a v. $b ill. $c 30 cm. $a monthly.
362  0    $a v.1-   1968-
500       $a UCR PE: REC HAS 11 850S - 6 UNIQUE, 3 DUPLICATES, 2 BEGINNING "rd": DROP THE 'rd' LOCS, OUTPUT THE 6 UNIQUE 852 FIELDS (02/02).
500       $a 1ST, 3RD, 7TH, 9TH LOCS HAVE CALL NUM IN 850$C - OUTPUT IN 852 $J.
500       $a REC HAS 099 WITH 3 $A'S, 090, 050 - OUTPUT SINGLE 852 $J FROM MULTIPLE 099 $A'S FOR 2 LOCS.
500       $a 1ST 850, NO $H, CONCATENATE 599'S WITH BLANK INDS AND OUTPUT IN 852 $3; DO NOT OUTPUT 599 FIELDS.
500       $a 2ND 850, HAS 3 $H'S; CONCATENATE $H'S AND OUTPUT IN 852 $3.
500       $a 3RD 850, HAS 1 $H; OUTPUT IN 852 $3.
500       $a 5TH AND 7TH 850'S - NO $H, OUTPUT DEFAULT MESSAGE IN 852 $3.
500       $a 9TH 850, HAS $H, $U, $L; IGNORE $U AND $L; USE $H FOR $3
546       $a English, French or German.
555       $a Vols. 1-3, 1968-70, with 1970.
650   0   $a Chromatographic analysis $x Periodicals.
852       $a RVB $b rstci $j FIRST LOC CALL NUM $3 2ND 599, 1ST IND = BLANK; 3RD 599, 1ST IND = BLANK. $D Currently received $O t
852       $a RVB $b rstd $j Y (099$A-1) R5C47 (099$A-2) 1989-1992 (099$A-3) $3 850$h (1); 850$h (2); 850$h (3) $D Subscription cancelled $O l
852       $a RVB $b rstd7 $j 3RD LOC CALL NUM $3 850$h (3RD LOC) $D No longer published $O 3
852       $a RVB $b rstd8 $j Y (099$A-1) R5C47 (099$A-2) 1989-1992 (099$A-3) $3 Consult UCR Library Catalog for holdings information.
852       $a RVB $b rstk $j 7TH LOC CALL NUM $3 Consult UCR Library Catalog for holdings information.
852       $a RVB $b edr $j 9TH LOC CALL NUM $3 850$h (9TH LOC) $D No longer published $O 3
901       $a RVB $b 21607138

Record 16
