LDR  02519cas  2200517   45  
005  19970724000000.0
008  740227d19401981nyuqr1        0uuua0eng  
010       $a 40004041
022       $a 0033-3646
030       $a PBPYAF
035       $a 061193A $b MULS
035       $a 816160
040       $a DLC $c OUN $d YUS $d NSD $d OCL $d DLC $d NSD $d DLC $d OCL $d NSD $d DLC $d OCL $d NST $d CRU
042       $a nsdp $a lc
050  0    $a JA51 $b .P82
098       $n ov=.b281266
222  10   $a Public policy $b (Cambridge)
245  00   $a Public policy.
260  00   $a [New York, etc., $b Published by J. Wiley for the John Fitzgerald Kennedy School of Government, Harvard University, etc.]
265       $a Journals Dept., J. Wiley & Sons, 605 Third Ave., New York, NY 10016.
300       $a 29 v. $b tables, diagrs. $c 25 cm.
310       $a Quarterly, $b 1969-1981.
321       $a Annual, $b 1940-68.
350       $a $22.00 (U.S.) $a $28.00 (foreign)
362  0    $a v. [1]-29; 1940-81.
500       $a UCR PE: 850$F = '1' (ONE), OUTPUT "CURRENTLY RECEIVED" IN 852$D, "1" (ONE) IN 852$O (02/02).
500       $a 850$F = 'i', OUTPUT "NOT CURRENTLY RECEIVED" IN 852 $D, "i" IN 852 $O.
500       $a 850$F = 'q', OUTPUT "NO LONGER PUBLISHED" IN 852$D, "q" IN 852 $O.
500       $a 850$F = 'l' (LETTER l), OUTPUT "SUBSCRIPTION CANCELLED" IN 852$D, "l" (LETTER l) IN 852 $O.
500       $a 850$F = 'A' (AN UNDEFINED VALUE), DO NOT CREATE 852 $D, OUTPUT "A" IN 852 $O.
500       $a 850 FIELD DOES NOT HAVE A $F, BUT THIS IS NOT FIRST 852 - DO NOT OUTPUT 852 $D OR $O.
550  1    $a Vols. for 1940-68 published by the Graduate School of Public Administration, Harvard University; 1969-81 by the John Fitzgerald Kennedy School of Government, Harvard University.
650   0   $a Political science $x Yearbooks.
650   0   $a Social sciences $x Yearbooks.
690   0   $a Political science $x Periodicals.
690   0   $a Social sciences $x Periodicals.
710  20   $a Kennedy School of Government.
710  21   $a Harvard University. $b Graduate School of Public Administration.
785  00   $t Journal of policy analysis and management $x 0276-8739.
852       $a RVB $b rstk $h JA51 $i .P82 $3 1(1940)-29(1981) $D Currently received $O 1
852       $a RVB $b ede $h JA51 $i .P82 $3 1(1940)-29(1981) $D Not currently received $O i
852       $a RVB $b edr $h JA51 $i .P82 $3 1(1940)-29(1981) $D No longer published $O q
852       $a RVB $b ed7 $h JA51 $i .P82 $3 1(1940)-29(1981) $D Subscription cancelled $O l
852       $a RVB $b rref $h JA51 $i .P82 $3 LATEST IN REF $O A
852       $a RVB $b rcps $h JA51 $i .P82 $3 1(1940)-29(1981)
901       $a RVB $b 2160714x

Record 17
