LDR  00531nas  2200157   45  
005  19970806000000.0
008                                     eng  
020       $a 0066-0035
090       $a DS101 A53
098       $n ov=.b250604x
110       $a AMERICAN SCHOOLS OF ORIENTAL RESEARCH.
245   0   $a ANNUAL.
260  1    $a Winina Lake, Indiana : Eisenbraun.
500       $a UCR PE: 850 $F IS '-' (AN UNDEFINED VALUE), NO 999 $D. DO NOT OUTPUT 852 $D OR $O (02/02).
852       $a RVB $b rstk $j DS101 A53 $3 1(1919)-49(1989), 50(1992)-53(1996)-
901       $a RVB $b 24324164

Record 18
