LDR  01925cas  2200445 a 45  
005  19980125000000.0
008  760108u19539999cauqr1m       0   a0eng d
010       $a 90648521  $z sc 76000073  $z sn 79009009
019       $a 2450361 $a 5669181 $a 12015497 $a 12015552
022  0    $a 0195-864X
035       $a 1916499
040       $a COO $c COO $d NSD $d DLC $d NSD $d DLC $d OCL $d DLC $d NSD $d OCL $d NST $d CRU
042       $a lc $a nsdp
043       $a n-us-ca
050       $a F868.S14 (050 $A) $b S37 (050 $B)
090       $a F868.S14 (090 $A) $b S37 (090 $B)
099       $a 099$A (1) $a 099$A (2) $a 099 $A (3)
098       $n ov=.b258143
130  0    $a Quarterly-A (San Bernardino County Museum Association)
210  0    $a Q. San Bernard. Cty. Mus. Assoc.
222   0   $a Quarterly-A of San Bernardino County Museum Association.
245  10   $a Quarterly-A / $c San Bernardino County Museum Association.
246  10   $a San Bernardino County Museum Association quarterly.
246  10   $a Quarterly-A of San Bernardino County Museum Association.
246  10   $a San Bernardino County Museum Association.
260       $a Bloomington, Calif. : $b The Association, $c 1953-
300       $a v. : $b ill. ; $c 28 cm.
310       $a Quarterly.
362  0    $a Vol. 1 (1953)-
500       $a UCR PE: NO 850S, LOCATION IN 901 $B IS 'multi', 998 HAS 3 $A'S, 2ND 998 $A BEGINS 'rd'. DROP 'rd' LOCATION, OUTPUT OTHER TWO (2/02).
500       $a REC HAS 099 WITH MULTIPLE $A'S, 090, 050 - OUTPUT 099 $A'S IN SINGLE 852 $J FOR BOTH LOCS.
510  2    $a GeoRef $x 0197-7482.
580       $a Vol. 5, no. 4 contains separately paged section called Archeological survey reports.
651   0   $a California $x History $x Periodicals.
710  2    $a San Bernardino County Museum Association.
730  0    $a Archeological survey reports.
777  1    $t Archeological survey reports.
852       $a RVB $b rmfl $j 099$A (1) 099$A (2) 099 $A (3) $O -
852       $a RVB $b rcps $j 099$A (1) 099$A (2) 099 $A (3)
901       $a RVB $b 21662253

Record 20
