LDR  00909cam  2200253 a 45  
005  20020510143000.0
008  880501s1988    ohuab        f00100 eng d
035       $a 17900052
040       $a GPO $c GPO $d MvI-cor
043       $a n-us---
074       $a 830-C
086  0    $a NAS 1.2:P 94/5
088       $a B-0042
098       $a NAS12P945
099   8   $a NAS 1.2:P 94/5
245  00   $a 25 years of progress, NASA's first 25 years.
260  0    $a Cleveland, Ohio : $b Educational Services Office, NASA Lewis Research Center, $c 1988.
300       $a v, 129 p. : $b ill., map ; $c 24 cm.
500       $a UCR: NO 902 IN INPUT REC; CREATE 005 FROM DATE PARM
610  10   $a United States. $b National Aeronautics and Space Administration $x History.
710  20   $a Lewis Research Center. $b Educational Services Office.
740  01   $a Twenty-five years of progress, NASA's first twenty-five years.
852       $a RVB $b gsus $j NAS 1.2:P 94/5
901       $a RVB $b 1000287x

Record 22
