LDR  00733dXX  2200181Ia 45  
005  20020510143000.0
008  830315s1979    sp ae    c   f00010 spa d
035       $a 9311883
040       $a WAU $c WAU $d CU-Riv
043       $a e-sp---
049       $a CRUG
090       $a GN784.3.A6 $b S62 1979
110  10   $a Spain. $b Subdirecciâon General de Arqueologâia.
260  0    $a [Madrid] : $b Imprenta del Ministerio de Cultura, $c 1979.
300       $a [82] p. : $b ill., plans ; $c 22 cm.
500       $a UCR: 901 $c = "d" (DELETE); NO 902, USE FILEDATE FOR 005; NO LOC CODE (NO 920 $l, 901 $b IS 'multi', NO 998 FLD); INVALID TYPE & BIBLVL; NO 245 - NO OUTPUT 852, NO OUTPUT 998 ERR FLDS; CHG LEADER STATUS TO 'd' (05/02).
651   0   $a Altamira Cave (Spain)
901       $a RVB $b 10004099

Record 23
