LDR  02475cas  2200613 a 45  
005  20020320000000.0
007  cr unu
008  750326c18879999dcugr1    rh f0   a0eng  
010       $a 06035330 //r954  $z sc 79002752 $z sn 84000755
022  0    $a 0160-9890
030       $a CODIDS
035       $a (GPO)99055776
035       $a 1239877 
037       $b Supt. of Docs., U.S. Govt. Print. Off., Washington, DC 20402
060  0    $a JK 1011 A1
074       $a 0992
074       $a 0992 (online)
086  0    $a Y 4.P 93/1:1/
098       $a Y4P9311
098       $a Electronicjournal
099       $a JK1011
110  1    $a United States. $b Congress.
222   0   $a Official congressional directory
245  10   $a Official congressional directory / $c by W. H. Michael.
246  14   $a Congressional directory $f <97th Congress->
260       $a Washington : $b U.S. G.P.O., $c 1888-
300       $a v. : $b ill., maps ; $c 15-24 cm.
310       $a Biennial, $b 19  -
321       $a Annual, $b 19  -19
362  0    $a 50th Congress, 1st session-
500  10   $a UCR PE: TEST ALL POSSIBLE 850 $f ORDER RECEIPT VALUES(3/28/02
700  1    $a Michael, W. H.
852       $a RVB $b n $j Callno1 $3 v.1 $D Currently received $O g
852       $a RVB $b s $j Callno2 $3 v.2 $D Currently received $O m
852       $a RVB $b sccd $j Callno3 $3 v.3 $D Currently received $O o
852       $a RVB $b scdvd $j Callno4 $3 v.4 $D Currently received $O p
852       $a RVB $b scir $j Callno5 $3 v.5 $D Currently received $O s
852       $a RVB $b scirf $j Callno6 $3 v.6 $D Currently received $O t
852       $a RVB $b scirs $j Callno7 $3 v.7 $D Currently received $O x
852       $a RVB $b scp $j Callno8 $3 v.8 $D Currently received $O y
852       $a RVB $b scps $j Callno9 $3 v.9 $D Currently received $O 1
852       $a RVB $b sgov $j Callno10 $3 v.10 $D Currently received $O 5
852       $a RVB $b sress $j Callno11 $3 v.11 $D Not currently received $O i
852       $a RVB $b sresm $j Callno12 $3 v.12 $D Not currently received $O r
852       $a RVB $b sref7 $j Callno13 $3 v.13 $D Not currently received $O z
852       $a RVB $b sref $j Callno14 $3 v.14 $D Not currently received $O 2
852       $a RVB $b srcd $j Callno15 $3 v.15 $D Not currently received $O 6
852       $a RVB $b ssru $j Callno16 $3 v.16 $D No longer published $O q
852       $a RVB $b sst7 $j Callno17 $3 v.17 $D No longer published $O 3
852       $a RVB $b smath $j Callno18 $3 v.18 $D No longer published $O 7
852       $a RVB $b smcd $j Callno19 $3 v.19 $D Subscription cancelled $O l
852       $a RVB $b v $j Callno20 $3 v.20 $D Subscription cancelled $O 4
852       $a RVB $b vcas $j Callno21 $3 v.21 $O B
901       $a RVB $b 21612547

Record 24
