LDR  01014cam  2200277   45  
005  20010103000000.0
008  700731s1970    ilu      b    00110 eng  
010       $a 78124404
020       $a 0202010911
035       $a 88240
040       $a DLC $c DLC $d CU-Riv
043       $a n-us-pa
049       $a CRUG
090       $a GR103 $b .A27 1970
100  10   $a Abrahams, Roger D.
245  10   $a Deep down in the jungle ...; $b Negro narrative folklore from the streets of Philadelphia $c [by] Roger D. Abrahams.
250       $a 1st rev. ed.
260  0    $a Chicago, $b Aldine Pub. Co. $c [1970]
300       $a ix, 278 p. $c 22 cm.
490  0    $a Aldine folklore series
500       $a UCR: INPUT 902 FORMAT MM-DD-YY, WHERE YY BEGINS WITH ZERO; CREATE 005 BY ADDING "20" TO BEGINNING OF YEAR, THEN OUTPUTTING IN STANDARD MARC FORMAT (05/02)
650   0   $a African Americans $z Pennsylvania $z Philadelphia.
650   0   $a Toasts (Afro-American folk poetry)
650   0   $a African Americans $x Folklore.
852       $a RVB $b rstk $h GR103 $i .A27 1970
901       $a RVB $b 10027233

Record 25
