LDR  00834cas  2200241   45  
005  19960806000000.0
008  800813c19129999caubr1p  g    0uuua0eng  
010       $a 19003441
022  0    $a 0008-1221
035       $a 130-S
040       $a MUL $c MUL $d FGULS $d MUL $d NSDP $d CU-AL
042       $a nsdp
043       $a n-us-ca
222  00   $a California law review
245  00   $a California law review
260  11   $a Berkeley, Calif., $c 1913-
300       $a v. $b ports. $c 26 cm
362  0    $a v. 1-   Nov. 1912-
500       $a UCR: DROP 001-005, 009, 590, 850, 852, 866-868, 886, 899, INPUT 9XX FLDS; OUTPUT 005 FLD WILL BE CREATED FROM 902, DATA FROM OTHER DROPPED FIELDS MAY BE OUTPUT ELSEWHERE (04/02).
650   0   $a Law $x Periodicals $z California
710  10   $a University of California, Berkeley. $b School of Law
852       $a RVB $b xet8 $z 590 FLD
901       $a RVB $b 10023392

Record 26
