LDR  02098cai  2200409 a 4500
005  20060612000000.0
007  cr unu
008  740415c19539999txumr1p       0   a0eng d
010       $a 56003239 //r86
019       $a 2445971 $a 1554750
022  0    $a 0009-7330
030       $a CIRUAL
032       $a 113760 $b USPS
035       $a (SFXObjID)954925390276  
035       $a 856122
040       $a OUN $c OUN $d OCL $d UCU $d MUL $d NSD $d HUL $d IUL $d DLC $d m.c. $d NSD $d OCL $d SER $d RCS $d AIP $d NSD $d AIP $d OCL $d AIP $d IXA $d AIP $d NSD $d AIP $d OCL $d DLC $d NSD $d m/c $d NSD $d NST $d HUL $d NLM $d NSD $d NST $d NSD $d CRU
042       $a nsdp $a lc
090       $a RC681.A1 $b .C59
098       $n ov=.b252765
210  0    $a Circ. res.
222  10   $a Circulation research.
245  00   $a Circulation research : $b a journal of the American Heart Association.
260       $a Baltimore, Md. : $b Grune & Stratton, $c c1953-
265       $a American Heart Association, 7320 Greenville Ave., Dallas, TX 75231.
300       $a v. : $b ill. ; $c 28 cm.
310       $a Biweekly, $b 1998-
321       $a Monthly, $b 1962-1997.
321       $a Bimonthly, $b 1953-1961.
362  0    $a Vol. 1, no. 1 (Jan. 1953)-
500       $a UCR PE: INTEGRATING RESOURCE - TYPE = 'a', BIBLVL = 'i'; OUTPUT AS SERIAL, DO NOT OUTPUT ERROR (07/06).
530       $a Also available via the World Wide Web. (Restricted to Lippincott Williams & Wilkins subscribers).
580       $a Includes v. <9>-11, 14-26 of: Hypertension (published as an issue of Circulation research, <1961>-1963, and as a supplement, 1966-1978), which is also available separately.
650   0   $a Cardiovascular system $v Periodicals.
650   0   $a Blood $x Circulation $v Periodicals.
852       $a RVB $b n $j Electronic journal $3 Table of contents: v.17:4(1965)-35(1974); Abstracts: v.36(1975)-75(1994); Full text: v.76(1995)- $D Currently received $O s
856  41   $3 Connect to Table of contents only: v.17 no.4 (1965)-v.35 (1974); Abstracts only: v.36 (1975)-v.75 (1994); Full text: v.76 (1995)- $x Lippincott Williams & Wilkins. $z Current 12 months restricted to UC campuses; older issues freely available to all $u http://uclibs.org/PID/4018
901       $a RVB $b 21607606

Record 27
